<?xml version="1.0" encoding="UTF-8"?><collection xmlns="http://www.loc.gov/MARC21/slim"><record><leader>00361nam--2200121-i-4500</leader><controlfield tag="001">000006217</controlfield><controlfield tag="002">20161230</controlfield><controlfield tag="005">20161230201026</controlfield><controlfield tag="008">060222s1000------------r-----000-0-eng-d</controlfield><datafield ind1=" " ind2=" " tag="245"><subfield code="a">Ballistic missile and aerospace technology vol.1: design and reliability</subfield></datafield><datafield ind1=" " ind2=" " tag="260"><subfield code="a">New York, Academic Press, 1961</subfield></datafield><datafield ind1=" " ind2=" " tag="700"><subfield code="a">Morrow, C.T., Elu, L.D.And Smith, M.R</subfield></datafield><datafield ind1=" " ind2=" " tag="852"><subfield code="a">18525</subfield></datafield></record></collection>